
@article{ refrigeration-ademe,
    author =       {Clodic, D. and Devin, E and Michineau, T. and Barrault, S.},
    title =        {Alternatives to high GWP HFCs In Refrigeration and Air conditioning applications},
    %journal =      "Annalen der Physik",
    %volume =       "322",
    %number =       "10",
    pages =        {1--119},
    year =         {2013},
    %DOI =          "http://dx.doi.org/10.1002/andp.19053221004"
    }
    
@article{ coolprop,
    author =       "BELL, I. and WRONSKI, J. and QUOILIN, S. and LEMORT, V",
    title =        "Pure and Pseudo-pure Fluid Thermophysical Property Evaluation and the Open-Source Thermophysical Property Library CoolProp",
    journal =      "Industrial and Engineering Chemistry Research",
    volume =       {53(6)},
    %number =       "10",
    pages =        "2498–-2508",
    year =         "2014",
    %DOI =          "http://dx.doi.org/10.1002/andp.19053221004"
    }    
  
@article{ pdsim,
    author =       "BELL, I. and ZIVIANI, D. and LEMORT, V. and BRADSHAW, C.R. and MATHISON, M. and HORTON, T. and BRAUN, J. E. and GROLL, E. A.",
    title =        " PDSim: A general quasi-steady modeling approach for positive displacement compressors and expanders",
    journal =      " International Journal of Refrigeration",
    volume =       "110",
    %number =       "10",
    pages =        "310--322",
    year =         "2020"
    %DOI =          "http://dx.doi.org/10.1002/andp.19053221004"
    } 
    
@article{ bijanzada,
    author =       "BIJANZAD, A. and HASSAN, A. and LAZOGLU, I. and KERPICCI, H.",
    title =        "Development of a new moving magnet linear compressor. Part A: Design and modeling",
    journal =      "International Journal of Refrigeration",
    volume =       "113",
    %number =       "10",
    pages =        "70--79",
    year =         "2020a"
    %DOI =          "http://dx.doi.org/10.1002/andp.19053221004"
    } 

@article{ bijanzadb,
    author =       "BIJANZAD, A. and HASSAN, A. and LAZOGLU, I. and KERPICCI, H.",
    title =        "Development of a new moving magnet linear compressor. Part B: Performance analysis",
    journal =      "International Journal of Refrigeration",
    volume =       "113",
    %number =       "10",
    pages =        "94--102",
    year =         "2020b"
    %DOI =          "http://dx.doi.org/10.1002/andp.19053221004"
    } 
    
@phdthesis{ bradshaw,
    author =       "BRADSHAW, C. R",
    title =        "A miniature-scale linear compressor for eletronics cooling",
    %journal =      "International Journal of Refrigeration",
    school =       "Purdue University",
    %number =       "10",
    Address =       "West Lafaytte - Indiana.",
    pages =        "p. 60",
    year =         "2020b"
    %DOI =          "http://dx.doi.org/10.1002/andp.19053221004"
    }


% AQUIIII
@techreport{ coulomb,
     title =  "The role of refrigeration in the global economy",
     author = "COULOMB, D. and DUPONT, J.L. and PICHARD, A.",
     group = "29th Informatory Note on Refrigeration Technologies",
     year = {2016},
     institution = "International Institute of Refrigeration"
}
    
@book{latexcompanion,
    author    = "ÇENGEL, Y.  A. and BOLES, M. A.",
    title     = " Thermodynamics: An engineering approach",
    year      = "2005",
    publisher = "McGrall-Hill",
    address   = "Boston, Massachusetts"
}

@manual{anuario,
	Org-Short = {EPE},
	Organization = {EMPRESA DE PESQUISA ENERGÉTICA},
	Subtitle = {ano base 2019},
	Title = {Anuário Estatístico De Energia Elétrica 2020},
	Year = 2020}


@article{ liang,
    author =       "LIANG, K.",
    title =        "A review of linear compressors for refrigeration",
    journal =      "International Journal of Refrigeration",
    volume =       "84",
    %number =       "10",
    pages =        "253-273",
    year =         "2017"
    %DOI =          "http://dx.doi.org/10.1002/andp.19053221004"
    } 

@MastersThesis{oliveira,
    author     =     "OLIVEIRA, M J.",
    title     =     "Modelação térmica do compressor recíproco linear operando sem óleo lubrificante",
    school     =     "Universidade Federal de Santa Catarina",
    address     =     "Florianópolis, Santa Catarina",
    year     =     "2014"
    }

@phdthesis{ ono,
    author =       "ONO, M. M.",
    title =        "Design industrial e diversidade cultural",
    Subtitle =      "sintonia essencial",
    %journal =      "International Journal of Refrigeration",
    school =       "Universidade de São Paulo",
    %number =       "10",
    Address =       "São Paulo",
    pages =        "p. 60",
    year =         "2004"
    %DOI =          "http://dx.doi.org/10.1002/andp.19053221004"
    }

@online{webplot,
  author = "ROHATGI, A.",
  title = "Webplotdigitizer: Version 4.4",
  year = 2020,
  url = "https://automeris.io/WebPlotDigitizer",
  urldate = {2020-11-19}
}

@article{ silva,
    author =       "SILVA, E. and DUTRA T.",
    title =        "Piston trajectory optimization of a reciprocating compressor",
    journal =      "International Journal of Refrigeration",
    %volume =       "84",
    %number =       "10",
    pages =        "27",
    year =         "2020"
    %DOI =          "http://dx.doi.org/10.1002/andp.19053221004"
    } 

@book{rao,
    author    = "RAO, S. S",
    title     = "Mechanical Vibrations",
    year      = "2018",
    publisher = "Pearson Education",
    address   = "Harlow"
}

@online{cnc2024,
  author = "CNC",
  title = "Pesquisa Nacional de Endividamento e Inadimplência do Consumidor - PEIC",
  year = 2024,
  url = "https://pesquisascnc.com.br/pesquisa-peic/",
  urldate = {2024-04-19}
}

@online{serasa,
  author = "SERASA",
  title = "Mapa da Inadimplência e Negociação de Dívidas no Brasil",
  year = 2024,
  url = "https://www.serasa.com.br/limpa-nome-online/blog/mapa-da-inadimplencia-e-renogociacao-de-dividas-no-brasil/",
  urldate = {2024-04-21}
}

@online{serasa2022,
  author = "SERASA",
  title = "Perfil e Comportamento do Endividamento Brasileiro",
  year = 2022,
  url = "https://www.serasa.com.br/imprensa/83-dos-endividados-sofrem-insonia-por-conta-das-dividas-e-74-tem-dificuldade-de-se-concentrar-revela-pesquisa-da-serasa/",
  urldate = {2024-04-21}
}



@online{SPCetCDNL,
  author = "SPC et CDNL",
  title = "Inadimplência cresce e atinge 61,94 milhões de brasileiros, aponta CNDL/SPC Brasil",
  year = 2022,
  url = "https://site.cndl.org.br/inadimplencia-cresce-e-atinge-6194-milhoes-de-brasileiros-aponta-cndlspc-brasil/",
  urldate = {2024-04-21}
}

@online{MEC,
  author = "MEC",
  title = "Conferências sobre educação financeira acontecerão em maio",
  url = "http://portal.mec.gov.br/component/tags/tag/enef",
  urldate = {2024-04-21}
}


@article{ Sehn,
    author =       "SEHN,  C.  F. et  C. JUNIOR,  R.  J.",
    title =        "Inadimplência  no  Sistema  Financeiro  de Habitação:  Um  Estudo  junto  à  Caixa  Econômica  Federal  (Caixa)",
    journal =      "Revista  de Administração Mackenzie",
    pages =     "59-84",
    %number =       "2",
    pages =        "70--79",
    %DOI =          "http://dx.doi.org/10.1002/andp.19053221004"
} 

@article{ araujo,
        author =       "ARAÚJO, F. A. L.; SOUZA, M. A. P.",
        title =        "Evidências da necessidade de atuação do BCB em educação financeira para o cumprimento de sua missão",
        journal =      "Revista Trabalho para Discussão",
        number =       "280",
        pages =        " 1-52",
        year =         "2012"
        %DOI =          "http://dx.doi.org/10.1002/andp.19053221004"
} 

@article{ larrisaENEF,
        author =       "CUNHA, L",
        title =        "Educação Financeira e a Formação dos Professores de
Matemática",
        journal =      "Trabalho de Conclusão de Curso",
        pages =        "14",
        year =         "2022"
        %number =       "14",
        %DOI =          "http://dx.doi.org/10.1002/andp.19053221004"
} 

